
@Book{Pup09,
  author =		 {Василий Пупкин and Эйнштейн, А.},
  title = 		 {\LaTeX для <<чайников>>},
  publisher = 	 {М.},
  pagetotal = {299},
  year = 		 {2009},
  language =     "russian"
}

@Comment Источники исследования

@book{up_Avdotin_GradProektirovanie,
  author         = {Л. Н. Авдотьин and И. Г. Лежава and И. М. Смоляр},
  title          = {Градостроительное проектирование},
  publisher      = {М.: Стройиздат},
  year           = {1989},
  pagetotal      = {432},
}


@misc{law_RU_GradoCodex,
  author         = {Л. Н. Авдотьин and И. Г. Лежава and И. М. Смоляр},
  title          = {Градостроительный кодекс Российской Федерации},
  publisher      = {М.: Стройиздат},
  year           = {1989},
  pagetotal      = {432},
}

