@Comment Источники исследования: Область знаний — энергоэффективные здания и строительство
@Comment                  ОБЩАЯ ТЕОРИЯ


@book{2003buee_Tabunshikov,
  language       = {russian},
  author         = {Юрий Андреевич Табунщиков and М. М. Бродач and Н. В. Шилкин},
  title          = {Энергоэффективные здания},
  address        = {М.},
  publisher      = {АВОК-ПРЕСС},
  year           = {2003},
  numpages      = {200},
  pages_          = {12--15},
}