@Comment Законодательство Российской Федерации

@online{law_RU_GradoCodex,
  language     = {russian},
  title          = {Градостроительный кодекс Российской Федерации},
  address        = {принят Гос. Думой 22 декабря 2004 г., одобрен Советом Федерации 24 декабря 2004 г.},
  publisher      = {ред. от 14.07.2022, с изм. и доп., вступ. в силу с 01.09.2022.},
  year           = {Доступ из справ.-правовой системы «Официальный интернет-портал правовой информации».},
  url            = {http://www.pravo.gov.ru/proxy/ips/?docbody%5C&nd=102090643},
  urldate        = {23.09.2022},
}


@Comment Законодательство США


@Comment Законодательство Канады


@Comment Законодательство Финляндии


@Comment Законодательство Норвегии

