@Comment Источники исследования: МАРхИ (Государственная академия), Ростовская Анна Андреевна, аспирант


@book{1980bu_Turalysov_YakindugenosHabitat,
  language       = {russian},
  author         = {К. Г. Туралысов},
  title          = {Основы организации жилища для коренного сельского населения Якутии : специальность 18.00.02 : диссертация на соискание ученой степени кандидата архитектуры},
  address        = {Ленинград},
  publisher_      = {},
  year           = {1980},
  numpages_      = {352},
  pages_          = {12--15},
}

@article{2016bu_Skupov_TuralysovIdealNordhouse,
  language       = {russian},
  author         = {Б. А. Скупов},
  title          = {Идеальный биоклиматический дом для Севера архитектора Клима Туралысова},
  address        = {},
  publisher      = {},
  year           = {2016},
  journal        = {Технологии строительства},
  volume_          = {},
  number          = {3},
  numpages_      = {},
  pages          = {113},
  url_             = {},
  issn_            = {},
  doi_             = {},
}

@article{2013up_Lytkin_NorthOrganicEnv,
  language       = {russian},
  author         = {К. А. Лыткин},
  title          = {Органическая среда обитания на Крайнем Севере},
  address        = {},
  publisher      = {},
  year           = {2013},
  journal        = {Архитектура и градостроительство},
  volume_          = {},
  number          = {10},
  numpages_      = {},
  pages          = {32-35},
  url_             = {},
  issn_            = {},
  doi_             = {},
}
