@Comment Источники исследования: СВФУ ИТИ, Корнилов Терентий Афанасьевич, директор

@Comment Современные требования по тепловой защите зданий в России и за рубежом


@book{2018_,
  language       = {russian},
  author         = {С. Г. Шеина and Н. П. Умнякова and П. В. Федяева and Е. Н. Миненко},
  title          = {Арктика: атлас кочевых технологий},
  address        = {СПб.},
  publisher      = {МАЭ РАН},
  year           = {2018},
  numpages      = {352},
  pages_          = {12--15},
}

@article{2010buee_Sormunen_Finland,
  language       = {russian},
  author         = {П. Сормунен},
  title          = {Энергоэффективность зданий. Ситуация в Финдляндии},
  address        = {СПб.},
  publisher      = {СПбПУ},
  year           = {2010},
  journal        = {Инженерно-строительный журнал},
  volume_          = {},
  number          = {1 (11)},
  numpages_      = {56},
  pages          = {7--8},
  url             = {https://engstroy.spbstu.ru/userfiles/files/2010/1(11)/maket11.pdf},
  issn            = {ISSN 2712-8172},
}

@article{2020buee_Sheyna_HousingEurotch,
  language       = {russian},
  author         = {С. Г. Шеина and Н. П. Умнякова and П. В. Федяева and Е. Н. Миненко},
  title          = {Энергоэффективность зданий. Ситуация в Финдляндии},
  address        = {М.},
  publisher      = {ООО РИФ "СТРОЙМАТЕРИАЛЫ"},
  year           = {2020},
  journal        = {Жилищное строительство},
  volume_          = {},
  number          = {6},
  numpages_      = {52},
  pages          = {29--34},
  url             = {https://journal-hc.ru/index.php/ru/zhurnaly/2020/zhilishchnoe-stroitel-stvo-6-2020},
  issn_            = {},
  doi             = {DOI: https://doi.org/10.31659/0044-4472-2020-6-29-34},
}

@article{2016buee_Sheyna_AltenergyWorldtrands,
  language       = {russian},
  author         = {С. Г. Шеина and А. П. Пирожникова},
  title          = {Тенденции развития альтернативной энергетики в странах мира и России},
  address        = {Ростов‑на‑Дону},
  publisher      = {Северо-Кавказский научный центр высшей школы Южного федерального университета},
  year           = {2016},
  journal        = {Инженерный вестник Дона},
  volume_          = {},
  number          = {3},
  numpages_      = {},
  pages_          = {},
  url             = {http://ivdon.ru/uploads/article/pdf/IVD_58_Sheina_Pirozhnikova.pdf_32b1ca3797.pdf},
  issn            = {ISSN 2073-8633},
  doi_             = {},
}

@article{2020buee_Sheyna_HabitatEurotechInsertion,
  language       = {russian},
  author         = {С. Г. Шеина and Н. П. Умнякова and П. В. Федяева and Е. Н. Миненко},
  title          = {Лучший европейский опыт внедрения энергосберегающих технологий в жилищном фонде Российской Федерации},
  address        = {М.},
  publisher      = {ООО РИФ "СТРОЙМАТЕРИАЛЫ"},
  year           = {2020},
  journal        = {Жилищное строительство},
  volume_          = {},
  number          = {6},
  numpages_      = {},
  pages          = {29--34},
  url_             = {},
  issn_            = {},
  doi             = {https://doi.org/10.31659/0044-4472-2020-6-29-34},
}

@article{2020buee_Gushin_EnergysaveTrends,
  language       = {russian},
  author         = {С. В. Гущин and А. С. Семиненко and C. Shen},
  title          = {Мировые тенденции развития энергосберегающих технологий},
  address        = {Белгород},
  publisher_      = {},
  year           = {2020},
  journal        = {Вестник БГТУ им. В.Г. Шухова},
  volume_          = {},
  number          = {5},
  numpages_      = {142},
  pages          = {32--43},
  url             = {https://vestnik_rus.bstu.ru/arhiv},
  issn            = {ISSN 2071-7318},
  doi_             = {},
}

@article{2020buee_Muhammad_USWastemanagement,
  language       = {english},
  author         = {Muhammad Shahzad Aslam and Beijia Huang and Lifeng Cui},
  title          = {Review of construction and demolition waste management in China and USA},
  address        = {UK. NL, US},
  publisher      = {Elsevier Group},
  year           = {2020},
  journal        = {Journal of Environmental Management},
  volume          = {264},
  number          = {264},
  numpages_      = {52},
  pages          = {110445},
  url             = {https://www.sciencedirect.com/science/article/pii/S0301479720303790},
  issn            = {0301-4797},
  doi             = {DOI: https://doi.org/10.1016/j.jenvman.2020.110445},
  keywords = {Construction and demolition waste management, Urbanization, Circular economy, Policies},
}

@article{2020buee_ASLAM_110445,
  language       = {english},
  title = {Review of construction and demolition waste management in China and USA},
  journal = {Journal of Environmental Management},
  volume = {264},
  pages = {110445},
  year = {2020},
  issn = {0301-4797},
  doi = {https://doi.org/10.1016/j.jenvman.2020.110445},
  url = {https://www.sciencedirect.com/science/article/pii/S0301479720303790},
  author = {Muhammad Shahzad Aslam and Beijia Huang and Lifeng Cui},
  keywords = {Construction and demolition waste management, Urbanization, Circular economy, Policies}
}

@article{2017buee_BERGERO_127,
  language       = {english},
title = {Energy refurbishment in existing buildings: thermal bridge correction according to DM 26/06/2015 limit values},
journal = {Energy Procedia},
volume = {140},
pages = {127-140},
year = {2017},
note = {Beyond NZEB Buildings (AiCARR 50th International Congress, Matera (I), 10-11 May 2017)},
issn = {1876-6102},
doi = {https://doi.org/10.1016/j.egypro.2017.11.129},
url = {https://www.sciencedirect.com/science/article/pii/S1876610217355406},
author = {Stefano Bergero and Paolo Cavalletti and Anna Chiari},
keywords = {Thermal bridges, insufflation technique, thermal transmittance, insulating materials, 2-D numerical simulation}
}

@article{2017buee_MORCK_240,
  language       = {english},
title = {Energy saving concept development for the MORE-CONNECT pilot energy renovation of apartment blocks in Denmark},
journal = {Energy Procedia},
volume = {140},
pages = {240-251},
year = {2017},
note = {Beyond NZEB Buildings (AiCARR 50th International Congress, Matera (I), 10-11 May 2017)},
issn = {1876-6102},
doi = {https://doi.org/10.1016/j.egypro.2017.11.139},
url = {https://www.sciencedirect.com/science/article/pii/S1876610217355509},
author = {Ove Christen Mørck},
keywords = {building energy renovation, concept development, nZEB, primary energy, CO2-emission, total costs}
}

@article{2015bueemethod_FOX_95,
  language       = {english},
title = {Time-lapse thermography for building defect detection},
journal = {Energy and Buildings},
volume = {92},
pages = {95-106},
year = {2015},
issn = {0378-7788},
doi = {https://doi.org/10.1016/j.enbuild.2015.01.021},
url = {https://www.sciencedirect.com/science/article/pii/S0378778815000274},
author = {Matthew Fox and David Coley and Steve Goodhew and Pieter {De Wilde}},
keywords = {Time-lapse thermography, Transient behaviour, Defect detection}
}

@article{2016bueemethod_FOX_317,
  language       = {english},
title = {Building defect detection: External versus internal thermography},
journal = {Building and Environment},
volume = {105},
pages = {317-331},
year = {2016},
issn = {0360-1323},
doi = {https://doi.org/10.1016/j.buildenv.2016.06.011},
url = {https://www.sciencedirect.com/science/article/pii/S0360132316302189},
author = {Matthew Fox and Steve Goodhew and Pieter {De Wilde}},
keywords = {Defect detection, Thermography, Walk-through, Walk-past}
}

@article{2014buee_MEMON_870,
  language       = {english},
title = {Phase change materials integrated in building walls: A state of the art review},
journal = {Renewable and Sustainable Energy Reviews},
volume = {31},
pages = {870-906},
year = {2014},
issn = {1364-0321},
doi = {https://doi.org/10.1016/j.rser.2013.12.042},
url = {https://www.sciencedirect.com/science/article/pii/S1364032113008563},
author = {Shazim Ali Memon},
keywords = {Thermal energy storage, Phase change materials, Building applications, Form-stable composite PCM}
}

@article{2017buee_ADAMCZYK_421,
  language       = {english},
title = {The impact of thermal insulation investments on sustainability in the construction sector},
journal = {Renewable and Sustainable Energy Reviews},
volume = {80},
pages = {421-429},
year = {2017},
issn = {1364-0321},
doi = {https://doi.org/10.1016/j.rser.2017.05.173},
url = {https://www.sciencedirect.com/science/article/pii/S1364032117308031},
author = {Janusz Adamczyk and Robert Dylewski},
keywords = {Sustainable construction, Thermal insulation investment, Economic benefits, Environmental benefits, Social benefits}
}

@book{2008buee_wines_green,
  language       = {english},
  title={Green Architecture},
  author={J. Wines and P. Jodidio},
  isbn={9783836503211},
  series={Taschen's 25th anniversary special editions},
  url={https://books.google.ru/books?id=3jK7QwAACAAJ},
  year={2008},
  publisher={Taschen},
  pages          = {240},
}

@book{1979buee_mazria_passive,
  language       = {english},
  title={The Passive Solar Energy Book: A Complete Guide to Passive Solar Home, Greenhouse, and Building Design},
  author={E. Mazria},
  isbn={9780878572373},
  lccn={78021656},
  series={AT microfiche reference library},
  url={https://books.google.ru/books?id=zw1cbI5AxNQC},
  year={1979},
  publisher={Rodale Press},
  pages          = {435},
}

@book{1979cumulated,
  language       = {english},
  title={Cumulated Index of the Christian Science Monitor},
  url={https://books.google.ru/books?id=FO5LAAAAYAAJ},
  year={1979},
  publisher={Micro Photo Division, Bell \& Howell Company},
  pages_          = {240--251},
}


