@Comment Источники исследования: научниые работы об Арктике


@book{nomads_Golovnev_NomadsTechAtlas,
  language       = {russian},
  author         = {А. В. Головнёв and Д. А. Куканов and Е. В. Перевалова},
  title          = {Арктика: атлас кочевых технологий},
  address        = {СПб.},
  publisher      = {МАЭ РАН},
  year           = {2018},
  numpages      = {352},
  pages_          = {12--15},
}

