@Comment Источники исследования: Фундаментальная теория по градостроительной науке

@Comment Источники исследования: Учебные пособия по градостроительной науке


@book{up_Avdotin_GradProektirovanie,
  language       = {russian},
  author         = {Л. Н. Авдотьин and И. Г. Лежава and И. М. Смоляр},
  title          = {Градостроительное проектирование},
  address        = {Москва},
  publisher      = {Стройиздат},
  year           = {1989},
  numpages      = {432},
  pages_          = {12--15},
}

