@Comment Государственные программы и институты развития Арктики Российской Федерации

@online{law_RU_govAggregatorArcticStandart,
  language     = {russian},
  title          = {Арктический стандарт. Стандарт развития городской среды и благоустройства общественных и дворовых пространств арктических поселений},
  address        = {},
  publisher      = {},
  year           = {},
  url            = {https://arctic-russia.ru/arctic-standard/},
  urldate        = {20.10.2022},
}


@Comment Государственные программы и институты развития Арктики США

@online{law_US_govAggregatorAlaskaHousingFinCorp,
  language     = {english},
  title          = {Финансовая Коорпорация Индивидуального Домостроения Аляски = Alaska Housing Finance Corporation},
  address        = {},
  publisher      = {},
  year           = {},
  url            = {https://www.ahfc.us/efficiency},
  urldate        = {20.10.2022},
}


@Comment Государственные программы и институты развития Арктики Канады


@Comment Государственные программы и институты развития Арктики Финляндии

@online{law_FIN_govMinEnvSecurity,
  language     = {english},
  title          = {Minister Ohisalo: Accelerating the green transition will also strengthen Finland's comprehensive security. Ministry of the Environment},
  address        = {},
  publisher      = {},
  year           = {},
  url            = {https://ym.fi/en/-/minister-ohisalo-accelerating-the-green-transition-will-also-strengthen-finland-s-comprehensive-security},
  urldate        = {20.10.2022},
}


@Comment Государственные программы и институты развития Арктики Норвегии

